<record><leader>00000cas a2200000 a 4500</leader><controlfield tag="001">38929316</controlfield><controlfield tag="007">hd afu---baca</controlfield><controlfield tag="007">hd bfu---baaa</controlfield><controlfield tag="007">hd bfu---baba</controlfield><controlfield tag="008">980409d18331856pauwr nea     0    0eng c</controlfield><datafield ind1=" " ind2=" " tag="010"><subfield code="a">sn 98016154 </subfield></datafield><datafield ind1=" " ind2=" " tag="040"><subfield code="a">ATL</subfield><subfield code="b">eng</subfield><subfield code="c">ATL</subfield><subfield code="d">OCL</subfield><subfield code="d">OCLCQ</subfield><subfield code="d">OCLCF</subfield><subfield code="d">OCLCO</subfield></datafield><datafield ind1="1" ind2=" " tag="029"><subfield code="a">AU@</subfield><subfield code="b">000013906965</subfield></datafield><datafield ind1=" " ind2=" " tag="042"><subfield code="a">pcc</subfield></datafield><datafield ind1=" " ind2=" " tag="043"><subfield code="a">n-us-pa</subfield></datafield><datafield ind1="1" ind2="4" tag="050"><subfield code="a">BX801</subfield></datafield><datafield ind1="0" ind2=" " tag="130"><subfield code="a">Catholic herald (Philadelphia, Pa. : 1833)</subfield></datafield><datafield ind1="1" ind2="4" tag="245"><subfield code="a">The Catholic herald</subfield><subfield code="h">[microform].</subfield></datafield><datafield ind1=" " ind2=" " tag="260"><subfield code="a">Philadelphia [Pa. :</subfield><subfield code="b">s.n.],</subfield><subfield code="c">1833-1856.</subfield></datafield><datafield ind1=" " ind2=" " tag="300"><subfield code="a">24 v. ;</subfield><subfield code="c">39-61 cm.</subfield></datafield><datafield ind1=" " ind2=" " tag="310"><subfield code="a">Weekly</subfield></datafield><datafield ind1="0" ind2=" " tag="362"><subfield code="a">Vol. 1, no. 1 (Jan. 3, 1833)-v. 26, no. 52 (Dec. 27, 1856).</subfield></datafield><datafield ind1=" " ind2=" " tag="515"><subfield code="a">Issue for Dec. 27, 1856 called v. 26, no. 52, but constitutes v. 24, no. 52.</subfield></datafield><datafield ind1=" " ind2=" " tag="515"><subfield code="a">Issues for Jan. 2, 1834-Dec. 28, 1854 called also whole no. 53-whole no. 1143; for Jan. 5, 1864-Dec. 27, 1856 called also whole no. 1197-whole no. 1295.</subfield></datafield><datafield ind1=" " ind2=" " tag="580"><subfield code="a">Merged with: Catholic visitor, to form: Catholic herald and visitor.</subfield></datafield><datafield ind1=" " ind2=" " tag="533"><subfield code="a">Microfilm.</subfield><subfield code="m">v.1-24 (1833-1856):[Lacks:v.1:no. 11;v.2:no. 11,14,25-26,32,37-39,42,52;v.3:no. 4,8-10,15,50;v.4:no. 1,8,12-14,16-18,20,24;v.8:no. 1-2,24;v.16:no. 31;v.19:no. 25;v.20:no. 6]</subfield><subfield code="b">Evanston, Ill. :</subfield><subfield code="c">American Theological Library Association,</subfield><subfield code="d">1976.</subfield><subfield code="e">8 microfilm reels ; 35 mm.</subfield><subfield code="f">(ATLA serials preservation program ; ATLA film S0265A).</subfield></datafield><datafield ind1="2" ind2="0" tag="610"><subfield code="a">Catholic Church</subfield><subfield code="z">Pennsylvania</subfield><subfield code="v">Newspapers.</subfield></datafield><datafield ind1=" " ind2="7" tag="655"><subfield code="a">Newspapers.</subfield><subfield code="2">fast</subfield><subfield code="0">(OCoLC)fst01423814</subfield></datafield><datafield ind1="2" ind2="7" tag="610"><subfield code="a">Catholic Church.</subfield><subfield code="2">fast</subfield><subfield code="0">(OCoLC)fst00531720</subfield></datafield><datafield ind1=" " ind2="7" tag="651"><subfield code="a">Pennsylvania.</subfield><subfield code="2">fast</subfield><subfield code="0">(OCoLC)fst01204598</subfield></datafield><datafield ind1=" " ind2=" " tag="752"><subfield code="a">United States</subfield><subfield code="b">Pennsylvania</subfield><subfield code="c">Philadelphia</subfield><subfield code="d">Philadelphia.</subfield></datafield><datafield ind1="1" ind2=" " tag="776"><subfield code="c">Original</subfield><subfield code="w">(DLC)sn 87052015</subfield><subfield code="w">(OCoLC)10873002</subfield></datafield><datafield ind1="1" ind2="7" tag="785"><subfield code="t">Catholic visitor</subfield></datafield><datafield ind1="1" ind2="7" tag="785"><subfield code="t">Catholic herald and visitor</subfield><subfield code="w">(DLC)sn 98016155</subfield><subfield code="w">(OCoLC)38940878</subfield></datafield><datafield ind1=" " ind2="0" tag="830"><subfield code="a">ATLA serials preservation program ;</subfield><subfield code="v">ATLA film S0265A.</subfield></datafield></record>